@article{sa,
   author={D. Bertsimas and J. Tsitsiklis},
   title={Simulated Annealing},
   journal={MIT Statistical Science},
   volume={8},
   year=1993,
}